@string {NIM = "Nucl.~Instrum.~Meth."}
@string {ARNPS = "Ann.~Rev.~Nucl.~Part.~Sci.~"}
@string {PR = "Phys.~Rev."}
@string {PRL = "Phys.~Rev.~Lett."}
@string {PRST = "Phys.~Rev.~Special Topics"}
@string {OUP = "Oxford University Press"}

@article{Higgs:2002ht,
     author    = "Higgs, Peter W.",
     title     = "{My life as a boson: The story of `The Higgs'}",
     journal   = "Int. J. Mod. Phys.",
     volume    = "A17S1",
     year      = "2002",
     pages     = "86-88",
     SLACcitation  = "%%CITATION = IMPAE,A17S1,86;%%"
}


@article{Eichten:1983hw,
      author         = "Eichten, E. and Lane, Kenneth D. and Peskin, Michael E.",
      title          = "{New Tests for Quark and Lepton Substructure}",
      journal        = "Phys.Rev.Lett.",
      volume         = "50",
      pages          = "811-814",
      doi            = "10.1103/PhysRevLett.50.811",
      year           = "1983",
      reportNumber   = "SLAC-PUB-3128, FERMILAB-PUB-83-015-THY,
                        FERMILAB-PUB-83-015-T",
      SLACcitation   = "%%CITATION = PRLTA,50,811;%%",
}


@article{PhysRevD.16.2219,
  title = {Angular distribution of dileptons in high-energy hadron collisions},
  author = {Collins, John C. and Soper, Davison E.},
  journal = {Phys. Rev. D},
  volume = {16},
  issue = {7},
  pages = {2219--2225},
  numpages = {0},
  year = {1977},
  month = {Oct},
  publisher = {American Physical Society},
  doi = {10.1103/PhysRevD.16.2219},
  url = {http://link.aps.org/doi/10.1103/PhysRevD.16.2219}
}













